@misc{Earthquakes,
	author = {},
	title = {{E}arthquakes --- who.int},
	howpublished = {\url{https://www.who.int/health-topics/earthquakes/#tab=tab_1}},
	year = {},
	note = {[Accessed 04-08-2023]},
}

@misc{usgsSeverityEarthquake,
	author = {},
	title = { {T}he {S}everity of an {E}arthquake --- pubs.usgs.gov},
	howpublished = {\url{https://pubs.usgs.gov/gip/earthq4/severitygip.html#:~:text=Events%20with%20magnitudes%20of%20about,magnitudes%20of%208.0%20or%20higher}},
	year = {},
	note = {[Accessed 04-08-2023]},
}

@article{serafini2023approximation,
  title={Approximation of Bayesian Hawkes process with inlabru},
  author={Serafini, Francesco and Lindgren, Finn and Naylor, Mark},
  journal={Environmetrics},
  pages={e2798},
  year={2023},
  publisher={Wiley Online Library}
}

@article{naylor2023bayesian,
  title={Bayesian modeling of the temporal evolution of seismicity using the ETAS. inlabru package},
  author={Naylor, Mark and Serafini, Francesco and Lindgren, Finn and Main, Ian G},
  journal={Frontiers in Applied Mathematics and Statistics},
  volume={9},
  pages={1126759},
  year={2023},
  publisher={Frontiers}
}

@article{schorlemmer2007earthquake,
  title={Earthquake likelihood model testing},
  author={Schorlemmer, Danijel and Gerstenberger, MC and Wiemer, S and Jackson, DD and Rhoades, DA},
  journal={Seismological Research Letters},
  volume={78},
  number={1},
  pages={17--29},
  year={2007},
  publisher={Seismological Society of America}
}

@misc{edinburghseismicityhubExploratoryData,
	author = {Serafini, Francesco and Lindgren, Finn and Naylor, Mark},
	title = {1. {E}xploratory {D}ata {A}nalysis: {I}talian {E}arthquake {C}atalogue - {H}orus --- edinburgh-seismicity-hub.github.io},
	howpublished = {\url{https://edinburgh-seismicity-hub.github.io/ETAS.inlabru/articles/EDA_Italy_Horus.html}},
	year = {2023},
	note = {[Accessed 05-08-2023]},
}

@misc{edinburghseismicityhubTemporalModela,
	author = {Serafini, Francesco and Lindgren, Finn and Naylor, Mark},
	title = {2a {T}emporal {M}odel: {G}enerating synthetic temporal {E}{T}{A}{S} catalogues --- edinburgh-seismicity-hub.github.io},
	howpublished = {\url{https://edinburgh-seismicity-hub.github.io/ETAS.inlabru/articles/generateSyntheticCatalogues.html}},
	year = {2023},
	note = {[Accessed 05-08-2023]},
}

@misc{edinburghseismicityhubTemporalModelb,
	author = {Serafini, Francesco and Lindgren, Finn and Naylor, Mark},
	title = {2b {T}emporal {M}odel: {P}resenting samples drawn from the {E}{T}{A}{S} priors --- edinburgh-seismicity-hub.github.io},
	howpublished = {\url{https://edinburgh-seismicity-hub.github.io/ETAS.inlabru/articles/sampleFromETASpriors.html}},
	year = {2023},
	note = {[Accessed 05-08-2023]},
}

@misc{edinburghseismicityhubSensitivityStarting,
	author = {Serafini, Francesco and Lindgren, Finn and Naylor, Mark},
	title = {{S}ensitivity to starting point --- edinburgh-seismicity-hub.github.io},
	howpublished = {\url{https://edinburgh-seismicity-hub.github.io/ETAS.inlabru/articles/sensitivityToStartingPoint.html}},
	year = {2023},
	note = {[Accessed 05-08-2023]},
}

@misc{edinburghseismicityhubTemporalModeld,
	author = {Serafini, Francesco and Lindgren, Finn and Naylor, Mark},
	title = {2d {T}emporal {M}odel: {T}utorial on real data --- edinburgh-seismicity-hub.github.io},
	howpublished = {\url{https://edinburgh-seismicity-hub.github.io/ETAS.inlabru/articles/tutorial_real.html}},
	year = {2023},
	note = {[Accessed 05-08-2023]},
}


@misc{edinburghseismicityhubTemporalModelc,
	author = {Serafini, Francesco and Lindgren, Finn and Naylor, Mark},
	title = {2c {T}emporal {M}odel: {T}utorial on synthetic data --- edinburgh-seismicity-hub.github.io},
	howpublished = {\url{https://edinburgh-seismicity-hub.github.io/ETAS.inlabru/articles/tutorial_synth.html}},
	year = {2023},
	note = {[Accessed 05-08-2023]},
}

@misc{usgsPredictEarthquakes,
	author = {},
	title = {{C}an you predict earthquakes? | {U}.{S}. {G}eological {S}urvey --- usgs.gov},
	howpublished = {\url{https://www.usgs.gov/faqs/can-you-predict-earthquakes}},
	year = {},
	note = {[Accessed 06-08-2023]},
}

@misc{britannicaEarthquakeDefinition,
	author = {},
	title = {{E}arthquake | {D}efinition, {C}auses, {E}ffects, & {F}acts --- britannica.com},
	howpublished = {\url{https://www.britannica.com/science/earthquake-geology}},
	year = {},
	note = {[Accessed 06-08-2023]},
}

@misc{forbesCantPredict,
	author = {David Bressan},
	title = {{W}hy {C}an't {W}e {P}redict {E}arthquakes? --- forbes.com},
	howpublished = {\url{https://www.forbes.com/sites/davidbressan/2017/11/24/why-cant-we-predict-earthquakes/}},
	year = {},
	note = {[Accessed 06-08-2023]},
}

@misc{internetgeographyLAquilaEarthquake,
	author = {},
	title = {{L}'{A}quila {E}arthquake 2009 --- internetgeography.net},
	howpublished = {\url{https://www.internetgeography.net/topics/laquila-earthquake-2009/}},
	year = {},
	note = {[Accessed 07-08-2023]},
}

@misc{statologyHierarchicalClustering,
	author = {Zach},
	title = {{H}ierarchical {C}lustering in {R}: {S}tep-by-{S}tep {E}xample - {S}tatology --- statology.org},
	howpublished = {\url{https://www.statology.org/hierarchical-clustering-in-r/}},
	year = {},
	note = {[Accessed 07-08-2023]},
}