@article{ahmed2016house,
  title={House price estimation from visual and textual features},
  author={Ahmed, Eman and Moustafa, Mohamed},
  journal={arXiv preprint arXiv:1609.08399},
  year={2016}
}

@inproceedings{law2017application,
  title={An application of convolutional neural network in street image classification: The case study of London},
  author={Law, Stephen and Shen, Yao and Seresinhe, Chanuki},
  booktitle={Proceedings of the 1st Workshop on Artificial Intelligence and Deep Learning for Geographic Knowledge Discovery},
  pages={5--9},
  year={2017}
}

@article{kang2018building,
  title={Building instance classification using street view images},
  author={Kang, Jian and K{\"o}rner, Marco and Wang, Yuanyuan and Taubenb{\"o}ck, Hannes and Zhu, Xiao Xiang},
  journal={ISPRS journal of photogrammetry and remote sensing},
  volume={145},
  pages={44--59},
  year={2018},
  publisher={Elsevier}
}

@article{law2019take,
  title={Take a look around: using street view and satellite images to estimate house prices},
  author={Law, Stephen and Paige, Brooks and Russell, Chris},
  journal={ACM Transactions on Intelligent Systems and Technology (TIST)},
  volume={10},
  number={5},
  pages={1--19},
  year={2019},
  publisher={ACM New York, NY, USA}
}

@inproceedings{avelar2020superpixel,
  title={Superpixel image classification with graph attention networks},
  author={Avelar, Pedro HC and Tavares, Anderson R and da Silveira, Thiago LT and Jung, Cl{\'\i}udio R and Lamb, Lu{\'\i}s C},
  booktitle={2020 33rd SIBGRAPI Conference on Graphics, Patterns and Images (SIBGRAPI)},
  pages={203--209},
  year={2020},
  organization={IEEE}
}

@article{maniat2021deep,
  title={Deep learning-based visual crack detection using Google Street View images},
  author={Maniat, Mohsen and Camp, Charles V and Kashani, Ali R},
  journal={Neural computing and applications},
  volume={33},
  number={21},
  pages={14565--14582},
  year={2021},
  publisher={Springer}
}
