

@article{serafini2023approximation,
  title={Approximation of Bayesian Hawkes process with inlabru},
  author={Serafini, Francesco and Lindgren, Finn and Naylor, Mark},
  journal={Environmetrics},
  pages={e2798},
  year={2023},
  publisher={Wiley Online Library}
}

@article{naylor2023bayesian,
  title={Bayesian modeling of the temporal evolution of seismicity using the ETAS. inlabru package},
  author={Naylor, Mark and Serafini, Francesco and Lindgren, Finn and Main, Ian G},
  journal={Frontiers in Applied Mathematics and Statistics},
  volume={9},
  pages={1126759},
  year={2023},
  publisher={Frontiers}
}

@article{schorlemmer2007earthquake,
  title={Earthquake likelihood model testing},
  author={Schorlemmer, Danijel and Gerstenberger, MC and Wiemer, S and Jackson, DD and Rhoades, DA},
  journal={Seismological Research Letters},
  volume={78},
  number={1},
  pages={17--29},
  year={2007},
}